@Book{falconer1,
 Author = {Falconer, K. J.},
 Title = {The geometry of fractal sets},
 FSeries = {Cambridge Tracts in Mathematics},
 Series = {Camb. Tracts Math.},
 ISSN = {0950-6284},
 Volume = {85},
 Year = {1985},
 Publisher = {Cambridge University Press, Cambridge},
 Language = {English},
 Keywords = {28A75,28-02},
 zbMATH = {3941840},
 Zbl = {0587.28004}
}
@Book{mandelbrot1,
 Author = {Mandelbrot, Benoit B.},
 Title = {The fractal geometry of nature. {Rev}. ed. of ``{Fractals}'', 1977},
 Year = {1982},
 Language = {English},
 HowPublished = {San {Francisco}: {W}. {H}. {Freeman} and {Company}. 461 p. (1982).},
 Keywords = {28-01,51-01,28A75,28A80,60D05,00A69,00A79},
 zbMATH = {3794378},
 Zbl = {0504.28001}
}
@Book{falconer2,
 Author = {Falconer, Kenneth},
 Title = {Fractals. {A} very short introduction},
 FSeries = {Very Short Introductions},
 Series = {Very Short Introd.},
 Volume = {367},
 ISBN = {978-0-19-967598-2},
 Year = {2013},
 Publisher = {Oxford: Oxford University Press},
 Language = {English},
 DOI = {10.1093/actrade/9780199675982.001.0001},
 Keywords = {28-01,28A80,37F99,37C45},
 zbMATH = {6206180},
 Zbl = {1279.28001}
}

@Book{edgar,
 Author = {Edgar, Gerald},
 Title = {Measure, topology, and fractal geometry},
 Edition = {2nd ed.},
 FSeries = {Undergraduate Texts in Mathematics},
 Series = {Undergraduate Texts Math.},
 ISSN = {0172-6056},
 ISBN = {978-0-387-74748-4},
 Year = {2008},
 Publisher = {New York, NY: Springer},
 Language = {English},
 Keywords = {28A78,28A80,54F45,28-01},
 zbMATH = {5202341},
 Zbl = {1152.28008}
}

@book{japan,
 author = {Yamaguti, Masaya and Hata, Masayoshi and Kigami, Jun},
 title = {Mathematics of fractals. {Transl}. from the {Japanese} by {Kiki} {Hudson}},
 fseries = {Translations of Mathematical Monographs},
 series = {Transl. Math. Monogr.},
 issn = {0065-9282},
 volume = {167},
 isbn = {0-8218-0537-1},
 year = {1997},
 publisher = {Providence, RI: American Mathematical Society},
 language = {English},
 keywords = {37D45,37-01,28-01,30E25,28A78,28A80},
 zbMATH = {1082415},
 Zbl = {0888.58030}
}